<record xmlns="http://www.loc.gov/MARC21/slim" xmlns:xsi="http://www.w3.org/2001/XMLSchema-instance" xsi:schemaLocation="http://www.loc.gov/MARC21/slim http://www.loc.gov/standards/marcxml/schema/MARC21slim.xsd"><leader>01412nam a2200301   4500</leader><controlfield tag="001">001699456</controlfield><controlfield tag="003">NNU</controlfield><controlfield tag="006">m        d        </controlfield><controlfield tag="007">cr cn |||m|||a</controlfield><controlfield tag="008">150223q19001992ua      o     000 0 ara d</controlfield><datafield ind1=" " ind2=" " tag="040"><subfield code="a">NNU</subfield><subfield code="b">eng</subfield><subfield code="c">NNU</subfield></datafield><datafield ind1=" " ind2=" " tag="066"><subfield code="c">(3</subfield></datafield><datafield ind1=" " ind2=" " tag="090"><subfield code="a">PJ7750.I25</subfield><subfield code="b">.K3</subfield></datafield><datafield ind1="1" ind2=" " tag="100"><subfield code="6">880-01</subfield><subfield code="a">Ibn &#7716;azm, &#699;Al&#299; ibn A&#7717;mad,</subfield><subfield code="d">994-1064</subfield></datafield><datafield ind1="1" ind2="0" tag="245"><subfield code="6">880-02</subfield><subfield code="a">Kalim&#257;t f&#299; al-akhl&#257;q</subfield><subfield code="h">[electronic resource] /</subfield><subfield code="c">li-Ibn &#7716;azm al-Andalus&#299; wa-Q&#257;sim Am&#299;n.</subfield></datafield><datafield ind1=" " ind2=" " tag="260"><subfield code="6">880-03</subfield><subfield code="a">Iskandar&#299;yah :</subfield><subfield code="b">&#699;Al&#299; Ma&#7717;m&#363;d al-Kha&#7789;&#7789;&#257;b,</subfield><subfield code="c">[19--?]</subfield></datafield><datafield ind1=" " ind2=" " tag="300"><subfield code="a">online resource (192 p.)</subfield></datafield><datafield ind1=" " ind2=" " tag="500"><subfield code="a">Part of the Arabic Collections Online (ACO) project, contributed by New York Univeristy Libraries.</subfield></datafield><datafield ind1=" " ind2=" " tag="533"><subfield code="a">Electronic reproduction.</subfield><subfield code="b">New York, N.Y. :</subfield><subfield code="c">New York University,</subfield><subfield code="d">2015.</subfield><subfield code="5">NNU</subfield></datafield><datafield ind1="2" ind2=" " tag="710"><subfield code="a">New York University.</subfield><subfield code="b">Libraries.</subfield></datafield><datafield ind1="0" ind2=" " tag="730"><subfield code="a">Arabic Collections Online.</subfield></datafield><datafield ind1="0" ind2="8" tag="776"><subfield code="i">Print version:</subfield><subfield code="a">Ibn &#7716;azm, &#699;Al&#299; ibn A&#7717;mad, 994-1064 880-01</subfield><subfield code="t">Kalim&#257;t f&#299; al-akhl&#257;q</subfield><subfield code="w">(NNU)001699456</subfield></datafield><datafield ind1="4" ind2="0" tag="856"><subfield code="u">http://hdl.handle.net/2333.1/qv9s4pqf</subfield></datafield><datafield ind1="1" ind2=" " tag="880"><subfield code="6">100-01/</subfield><subfield code="a">&#1575;&#1576;&#1606; &#1581;&#1586;&#1605;&#1548; &#1593;&#1604;&#1609; &#1575;&#1576;&#1606; &#1575;&#1581;&#1605;&#1583;.</subfield></datafield><datafield ind1="1" ind2="0" tag="880"><subfield code="6">245-02/</subfield><subfield code="a">&#1603;&#1604;&#1605;&#1575;&#1578; &#1601;&#1610; &#1575;&#1604;&#1575;&#1582;&#1604;&#1575;&#1602; /</subfield><subfield code="c">&#1604;&#1575;&#1576;&#1606; &#1581;&#1586;&#1605; &#1575;&#1604;&#1575;&#1606;&#1583;&#1604;&#1587;&#1609; &#1608; &#1602;&#1575;&#1587;&#1605; &#1575;&#1605;&#1610;&#1606;.</subfield></datafield><datafield ind1=" " ind2=" " tag="880"><subfield code="6">260-03/</subfield><subfield code="a">&#1575;&#1604;&#1575;&#1587;&#1603;&#1606;&#1583;&#1585;&#1610;&#1577; :</subfield><subfield code="b">&#1593;&#1604;&#1609; &#1605;&#1581;&#1605;&#1608;&#1583; &#1582;&#1591;&#1575;&#1576;&#1548;</subfield><subfield code="c">[--&#1633;&#1641;&#1567;]</subfield></datafield><datafield ind1=" " ind2=" " tag="959"><subfield code="a">NNU</subfield><subfield code="b">WEB</subfield><subfield code="c">GENI</subfield><subfield code="t">0</subfield><subfield code="m">Electronic access</subfield><subfield code="s">01</subfield></datafield><datafield ind1=" " ind2=" " tag="999"><subfield code="i">NNU_001699456</subfield><subfield code="s">nyu_aco000357</subfield></datafield></record>